% Causality %%%%%%%%%%%%%%%%%%%%%%%%%%%%%%%%%%%%%%%%%%%%%%%%%%%%%%%%%%%%%%%%%%%%%
@article{lamport1978time,
  title={Time, clocks, and the ordering of events in a distributed system},
  author={Lamport, Leslie},
  journal={Communications of the ACM},
  volume={21},
  number={7},
  pages={558--565},
  year={1978},
  publisher={ACM}
}

@article{marzullo1984maintaining,
  title={Maintaining the time in a distributed system: an example of a loosely-coupled distributed service (synchronization, fault-tolerance, debugging)},
  author={Marzullo, Keith Ansel},
  year={1984},
  publisher={Stanford University}
}

@incollection{sampath2012synchronization,
    title={Synchronization in distributed systems},
    author={Sampath, Amritha and Tripti, C},
    booktitle={Advances in Computing and Information Technology},
    pages={417--424},
    year={2012},
    publisher={Springer}
}

@article{schmid2000orthogonal,
    title={Orthogonal accuracy clock synchronization},
    author={Schmid, Ulrich},
    journal={Chicago Journal of Theoretical Computer Science},
    volume={3},
    number={2000},
    pages={3--77},
    year={2000}
}
